%%%%%%%%%%%%%%%%%%%%%%%%%%%%%%%%%%%%%%%%%%%%%%%%%%%%%%%%%%%%%%%%%%%%%%%%%%%%%%%%%%%%%%%%%%%%%%%%%%%%%%%%%%%%%%%%%%%%%%%%%%%%%%%%
%%%%%%%%%%%%%%%%%%%%%%%%%%%%%%%%%%%%%%%%%%%%%%%%%%%%%%%%%%%%%%%%%%%%%%%%%%%%%%%%%%%%%%%%%%%%%%%%%%%%%%%%%%%%%%%%%%%%%%%%%%%%%%%%
%%%%%%%%%%% Wo Diff und Int in Praxis eine Rolle %%%%%%%%%%%%%%%%%%%%%%%%%%%%%%%%%%%%%%%%%%%%%%%%%%%%%%%%%%%%%%%%%%%%%%%%%%%%%%%

%https://www.ardalpha.de/lernen/telekolleg/faecher/mathematik/trimester4/mathematik-30-integralrechnung-flaechen-1-100.html
@article{ARD-Alpha-Integral,
    author ={Telekolleg-Integralrechnung} ,
    title ={Praktisches Beispiel } ,
    journal ={ardalpha} ,
    year = {2019},
    visited ={29.05.2024}
}


%https://www.math.tugraz.at/~ganster/lv_mathematik_1_bau_ws_2019/23_anwendungen_integrale.pdf S.3
@book{Anwendung-Integrale,
    author = {Ganster, Maximilian},
    title = {Anwendung der Integralrechnung},
    publisher = {Tugraz} ,
    year = {2019}
}


%https://technischemechanik.com/de/2022/12/01/schnittgroessen-mittels-integration/?amp=1
@article{TM-Schnittgroessen,
    author = {Markus Orthaber} ,
    title = {Schnittgrößen mittels Integration},
    journal = {technischemechanik.com},
    year = {2022},
    visited ={31.05.2024}
}

%https://link.springer.com/book/10.1007/978-3-662-65526-9 S520f
@book{MatheIngVertiefung_S.520f,
	title={Mathematik für Ingenieurwissenschaften: Vertiefung},
	author={Schmid, Harald},
	year={2022},
    volume={2nd ed.},
	publisher={Springer Berlin Heidelberg}
}



%https://link.springer.com/book/10.1007/978-3-8348-9889-0 S.22f
@book{Hydrologie_S.22,
	title={Praktische Hydrologie},
	author={Wittenberg, Hartmut},
	year={2011},
    volume={1st ed.},
	publisher={Springer Berlin Heidelberg}
}


%http://www.elektronikinfo.de/grundlagen/differential.htm#Differentialverwendung
@article{ElektroAbleitung,
    author = {Caspari, Christoph},
    title = {Der Differentialquotient (Ableitung)},
    journal = {elektronikinfo.de},
    year = {2021},
    visited = {30.05.2024}
}


%https://link.springer.com/book/10.1007/978-3-8348-9203-4 S.205
@book{WingMatheProblem_S218,
    author = {Benker, Hans},
    title = {Integralrechnung},
    publisher = {Wiesbaden: Vieweg+Teubner Verlag},
    year = {2007}
}

%https://link.springer.com/book/10.1007/978-3-658-26478-9 S.78 
@book{AbleitungMatheWingWis_S78,
    author = {Freudel, Frank},
    title = {Die Ableitung in der Mathematik für Wirtschaftswissenschaftler},
    publisher = {Springer Fachmedien Wiesbaden},
    year = {2020}
}

%%%%%%%%%%%%%%%%%%%%%%%%%Differentiation%%%%%%%%%%%%%%%%%%%%%%%%%%%%%%%%%%%%%%%%%%%%%%%%%%%%%%%%%%%%%%%%%%%%%%%%%%%%%%%%%%%%%%%%%%%%

%https://www.sciencedirect.com/science/article/pii/S0377042799003581
@article{Differentiationsformen,
    author = {I. R. Khan, R. Ohba},
    title = {New finite difference formulas for numerical differentiation},
    journal = {Journal of Computational and Applied Mathematics 126},
    year = {1999},
    visited = {31.05.2024}
}

%%%%%%%%%%%%%%%%%%%%%%%%%%Praxisbeispiel_1%%%%%%%%%%%%%%%%%%%%%%%%%%%%%%%%%%%%%%%%%%%%%%%%%%%%%%%%%%%%%%%%%%%%%%%%%%%%%%%%%%%%%%%%%%%

%https://link.springer.com/article/10.1007/PL00010874
@book{Praxisbeispiel_1,
    author = {T. Bertram},
    title = {Forschung im Ingenieurwesen},
    publisher = {Springer Berlin Heidelberg},
    year = {1999}
}

%%%%%%%%%%%%%%%%%%%%%%%%%%Newton-Cotes-Formel%%%%%%%%%%%%%%%%%%%%%%%%%%%%%%%%%%%%%%%%%%%%%%%%%%%%%%%%%%%%%%%%%%%%%%%%%%%%%%%%%%%%%%%

https://link.springer.com/content/pdf/10.1007/BF01600525.pdf
@article{Newton-Cotes-Formeln,
    author = {W. Uhlmann},
    title = {Eine wahrscheinlichkeitstheoretische Begriindung der Integrationsformeln yon Newton-Cotes},
    journal = {Zeitschrift für angewandte Mathematik und Physik ZAMP, Vol. 10},
    year = {1959}
}

%https://www.tu-chemnitz.de/mathematik/numa/lehre/numerik-2013/Folien/numerik7.pdf
@book{Gewichte,
    author = {},
    title = {Nummerische Integration},
    publisher = {TU Chemnitz},
    year = {Sommersemester 2013}
}

%https://www.igpm.rwth-aachen.de/Numa/NumaMB/SS17/handouts/Handout20170718.pdf
@book{Trapezregel,
    author = {K.-H. Brakhage, I. Voulis, H. Saß},
    title = {Numerische Mathematik für Maschinenbauer},
    publisher = {Institut für Geometrie und Praktische Mathematik RWTH Aachen},
    year = {Sommersemester 2017}
}

%https://www.mat.tuhh.de/lehre/material/num_meth/Kapitel3.pdf
@book{Simpsonregel/Milneregel,
    author = {Heinrich Voss},
    title = {Numerische Integration},
    publisher = {Hamburg University of Technology, Institute for Numerical Simulation},
    year = {2010}
}

%https://www3.math.tu-berlin.de/Vorlesungen/WiSe11/NumMath1/uebung/integration.pdf
@book{Weddleregel,
    author = {},
    title ={Integration},
    publisher = {TU Berlin},
    year = {Wintersemester 2011/2012}
}
%%%%%%%%%%%%%%%%%%%%%%%% Simpson Formel Varianten, Unterschiede, Anwendungsbereich %%%%%%%%%%%%%%%%%%%%%%%%%%%%%%%%%%%%%%%%%%%%%%%%%


%https://www.tu-chemnitz.de/mathematik/numa/lehre/numerik-2013/Folien/numerik7.pdf s 342
@book{SimpsonVarianten,
    author = {Ernst, Oliver} ,
    title = {Numerik},
    publisher = {Oliver Ernst},
    year = {2013}
}

%https://link.springer.com/book/10.1007/978-3-8348-9309-3
@book{BasicNumMath,
    author = {Hanke-Bourgeois, Martin},
    title = {Grundlagen der Numerischen Mathematik und des Wissenschaftlichen Rechnens },
    year = {2009},
    volume = {3rd ed.},
    publisher = {Vieweg+Teubner Verlag Wiesbaden}
}


%https://link.springer.com/book/10.1007/978-3-8348-8166-3
@book{NumMathe,
    author = {Hans-Rudolf Schwarz, Norbert Köckler \&},
    title = {Numerische Mathematik},
    publisher = {Vieweg+Teubner Verlag Wiesbade} ,
    year =  {2011},
    volume = {8th ed.}
}


%https://link.springer.com/book/10.1007/978-93-86279-52-1
@book{NumMethodsScienceEng,
    author = {H. M. Antia},
    title = {Numerical methods for scientists and engineers },
    publisher = {Hindustan Book Agency Gurgaon},
    year = {2012},
    volume = {3rd ed.}
}



%%%%%%%%%%%%%%%%%%%%%%%%%%%%%%%%%%%%%%%%%%%%%%%%%%%%%%%%%%%%%%%%%%%%%%%%%%%%%%%%%%%%%%%%%%%%%%%%%%%%%%%%%%%%%%%%%%%%%%%%%%%%%%%%
%%%%%%%%%%%%%%%%%%%%%%%%%%%%%%%%%%%%%%%%%%%%%%%%%%%%%%%%%%%%%%%%%%%%%%%%%%%%%%%%%%%%%%%%%%%%%%%%%%%%%%%%%%%%%%%%%%%%%%%%%%%%%%%%
%%%%%%%%%%%%%%%%%%%%%%%%%%%%%%%%%%%%%%%%%%%%%%%%%%%%%%%%%%%%%%%%%%%%%%%%%%%%%%%%%%%%%%%%%%%%%%%%%%%%%%%%%%%%%%%%%%%%%%%%%%%%%%%%
%%%%%%%%%%%%%%%%%%%%%%%%%%%%%%%%%%%%%%%%%%%%%%%%%%%%%%%%%%%%%%%%%%%%%%%%%%%%%%%%%%%%%%%%%%%%%%%%%%%%%%%%%%%%%%%%%%%%%%%%%%%%%%%%
